@article{Agrawal,
  title={{Fast Algorithms for Mining Association Rules}},
  author={{Agrawal et al.}},
  year={{1994}}
}

@article{AgrawalGEN,
  title={{Fast Algorithms for Mining Association Rules}},
  author={{Agrawal et al.}},
  year={{1996}}
}

@article{Borgelt,
  title={{}},
  author={{Borgelt Christin}},
  year={{}}
}

@article{Bodon,
  title={{}},
  author={{Bodon Ferenc}},
  year={{}}
}

@article{Goethals,
  title={{}},
  author={{Goethals Bart}},
  year={{}}
}

@article{WojciechowskiCCT,
  title={{Evaluation of Common Counting Method for Concurrent Data Mining Queries}},
  author={{Wojciechowski Marek, Zakrzewicz Maciej}},
  year={{2003}}
}

@article{WojciechowskiCC,
  title={{Integracja drzew kandydatów w przetwarzaniu zbiorów zapytan eksploracyjnych algorytmem Apriori}},
  author={{Grudziński Przemysław, Wojciechowski Marek}},
  year={{2007}}
}

@BOOK{book-minimal,
   author = {{Morzy Tadeusz}},
   title = {{}},
   publisher = "{{}},
   year = {{}},
}